% Encoding: UTF-8


@WWW{Android2016,
  Title                    = {Displaying Graphics with OpenGL ES},
  Author                   = {Android},
  Date                     = {2016-01-06},
  Editor                   = {Android},
  URL                      = {https://developer.android.com/training/graphics/opengl/index.html},
  Language                 = {english},
  Urldate                  = {2016-01-06}
}

